
@misc{blockchain,
  author = {International Business Machines Corporation},
  title = {{What is Blockchain Technology? }},
  howpublished = "Available at \url{www.ibm.com/topics/what-is-blockchain}",
  year = {}, 
  note = "[Online; accessed 5-September-2022]"
}

@misc{erc20,
  author = {Ethereum},
  title = {{ERC-20 TOKEN STANDARD}},
  howpublished = "Available at \url{ethereum.org/en/developers/docs/standards/tokens/erc-20/}",
  year = {2022}, 
  note = "[Online; accessed 5-September-2022]"
}

@misc{erc721,
  author = {Ethereum},
  title = {{ERC-721 TOKEN STANDARD}},
  howpublished = "Available at \url{ethereum.org/th/developers/docs/standards/tokens/erc-721/}",
  year = {2022}, 
  note = "[Online; accessed 5-September-2022]"
}

@misc{tokenization,
  author = {SCB10X},
  title = {{Tokenization ในโลก Blockchain คืออะไร ?}},
  howpublished = "Available at \url{scb10x.com/blog/tokenization-blockchain}",
  year = {2022}, 
  note = "[Online; accessed 6-September-2022]"
}

@misc{sbt,
  author = {BINANCE},
  title = {{What Are Soulbound Tokens (SBT) ?}},
  howpublished = "Available at \url{academy.binance.com/en/articles/what-are-soulbound-tokens-sbt}",
  year = {2022}, 
  note = "[Online; accessed 6-September-2022]"
}

@misc{eth,
  author = {Ethereum},
  title = {{What is Ethereum?}},
  howpublished = "Available at \url{ethereum.org/en/what-is-ethereum/}",
  year = {2022}, 
  note = "[Online; accessed 5-September-2022]"
}

@misc{softeng1,
  author = {Thanyavuth Akarasomcheep},
  title = {{Scrum คืออะไร เริ่มใช้งานอย่างไร?}},
  howpublished = "Available at \url{medium.com/fastwork-engineering/scrum-คืออะไร-เริ่มใช้งานอย่างไร-2483e761a47e}",
  year = {2018}, 
  note = "[Online; accessed 5-September-2022]"
}

@misc{softeng2,
  author = {Kulawat Pom Wongsaroj},
  title = {{จะเลือก Scrum หรือ Kanban ดี?}},
  howpublished = "Available at \url{kulawat.medium.com/จะเลือก-scrum-หรือ-kanban-ดี-f7c0743f8a45}",
  year = {2019}, 
  note = "[Online; accessed 5-September-2022]"
}

@misc{smartcontract,
  author = {International Business Machines Corporation},
  title = {{What are smart contracts on blockchain?}},
  howpublished = "Available at \url{www.ibm.com/topics/smart-contracts}",
  year = {}, 
  note = "[Online; accessed 5-September-2022]"
}

@misc{nft,
  author = {RAKESH SHARMA},
  title = {{Non-Fungible Token (NFT): What It Means and How It Works}},
  howpublished = "Available at \url{www.investopedia.com/non-fungible-tokens-nft-5115211}",
  year = {2022}, 
  note = "[Online; accessed 5-September-2022]"
}

@misc{f-nft,
  author = {BYBIT LEARN},
  title = {{Explained: Fractional NFTs (F-NFTs) and How They Work}},
  howpublished = "Available at \url{learn.bybit.com/nft/what-are-fractional-nfts/}",
  year = {}, 
  note = "[Online; accessed 5-September-2022]"
}

@misc{asset,
  author = {ADAM BARONE},
  title = {{What Is an Asset? Definition, Types, and Examples}},
  howpublished = "Available at \url{www.investopedia.com/terms/a/asset.asp}",
  year = {2022}, 
  note = "[Online; accessed 5-September-2022]"
}

@misc{digital-asset,
  author = {Siam Commercial Bank },
  title = {{What are digital assets?}},
  howpublished = "Available at \url{www.scb.co.th/en/personal-banking/stories/digital-asset.html}",
  year = {}, 
  note = "[Online; accessed 5-September-2022]"
}

@misc{will,
  author = {Siam Commercial Bank },
  title = {{พินัยกรรม ทำอย่างไร}},
  howpublished = "Available at \url{www.scb.co.th/th/personal-banking/stories/tips-for-you/testament.html}",
  year = {}, 
  note = "[Online; accessed 5-September-2022]"
}

@misc{cryptowill,
  author = {RudreshVeerkhare},
  title = {{CryptoWill}},
  howpublished = "Available at \url{github.com/RudreshVeerkhare/CryptoWill}",
  year = {}, 
  note = "[Online; accessed 29-October-2022]"
}

@misc{github,
  author = {GitHub},
  title = {{GitHub}},
  howpublished = "Available at \url{github.com}",
  year = {}, 
  note = "[Online; accessed 5-September-2022]"
}

@misc{metamask,
  author = {MetaMask},
  title = {{MetaMask}},
  howpublished = "Available at \url{https://metamask.io/}",
  year = {}, 
  note = "[Online; accessed 5-September-2022]"
}

@misc{nestjs,
  author = {NestJS},
  title = {{NestJS}},
  howpublished = "Available at \url{docs.nestjs.com}",
  year = {}, 
  note = "[Online; accessed 5-September-2022]"
}

@misc{nextjs,
  author = {NextJS},
  title = {{Next.js by Vercel - The React Framework}},
  howpublished = "Available at \url{nextjs.org/docs}",
  year = {}, 
  note = "[Online; accessed 5-September-2022]"
}

@misc{solidity,
  author = {Solidity},
  title = {{Solidity}},
  howpublished = "Available at \url{docs.soliditylang.org}",
  year = {}, 
  note = "[Online; accessed 5-September-2022]"
}

@misc{typescript,
  author = {TypeScript},
  title = {{TypeScript}},
  howpublished = "Available at \url{www.typescriptlang.org}",
  year = {}, 
  note = "[Online; accessed 5-September-2022]"
}

@misc{web3js,
  author = {Web3.js Developer Team},
  title = {{web3.js - Ethereum JavaScript API}},
  howpublished = "Available at \url{web3js.readthedocs.io/en/v1.8.1/}",
  year = {}, 
  note = "[Online; accessed 5-September-2022]"
}

@misc{hardhat,
  author = {Hardhat},
  title = {{Documentation - Hardhat}},
  howpublished = "Available at \url{hardhat.org/docs}",
  year = {}, 
  note = "[Online; accessed 5-September-2022]"
}

@misc{pinata,
  author = {Pinata},
  title = {{Documentation - Pinata}},
  howpublished = "Available at \url{docs.pinata.cloud}",
  year = {}, 
  note = "[Online; accessed 5-September-2022]"
}

@misc{ipfs,
  author = {InterPlanetary File System},
  title = {{Documentation - IPFS}},
  howpublished = "Available at \url{docs.ipfs.tech}",
  year = {}, 
  note = "[Online; accessed 5-September-2022]"
}

@InProceedings{barowski05,
  author = 	 {Y. Barowski and S. Biaz and P. Agrawal},
  title = 	 {Towards the Performance Analysis of IEEE 802.11 in
Multi-hop Ad-Hoc Networks},
  booktitle = 	 {Proc. IEEE WCNC'05},
  pages =	 {100--106},
  year =	 2005,
  month =	 mar
}

@Book{santi05b,
  author =	 {P. Santi},
  title = 	 {Topology Control in Wireless Ad Hoc and Sensor Networks},
  publisher = 	 {Wiley},
  year = 	 2005,
  note =	 {p.133}
}


@ARTICLE{shen04,
  author = {C.-C. Shen and C. Srisathapornphat and R. Lui and Z. Huang and C. Jaikaeo and E.L. Lloyd},
  title = {CLTC: A Cluster-Based Topology Control Framework for Ad Hoc Network},
  journal = tomp,
  year = {2004},
  volume = {3},
  number = {1},
  pages = {18--32},
  month = {Jan--Mar}
}

@Article{norros95,
  author = 	 {I. Norros},
  title = 	 {On the use of Fractional Brownian Motion in the
Theory of Connectionless Networks},
  journal = 	 jsac,
  year = 	 1995,
  volume =	 13,
  number =	 6,
  pages =	 {953--962},
  month =	 aug
}

@InProceedings{eun01,
  author =	 {D.Y. Eun and N.B. Shroff},
  title =	 {A Measurement-Analytic Framework for QoS Estimation
                  Based on the Dominant Time Scale},
  booktitle =	 infocom01,
  year =	 2001,
  address =	 infocom01_adr,
  month =	 apr
}

@Article{kim01,
  author = 	 {H.S. Kim and N.B. Shroff},
  title = 	 {Loss Probability Calculations and Asymptotic
Analysis for Finite Buffer Multiplexers},
  journal = 	 ton,
  year = 	 2001,
  volume =	 9,
  number =	 6,
  pages =	 {755--768},
  month =	 dec
}

@INPROCEEDINGS{singh02,
  author = {J.P. Singh and N. Bambos and B. Srinivasan and D. Clawin},
  title = {Wireless LAN Performance under Varied Stress Conditions in Vehicular Traffic Scenarios},
  booktitle = {Proc. IEEE Vehicular Technology Conference},
  year = {2002}
}

@INPROCEEDINGS{subramanian00,
  author = {L. Subramanian and R.H. Katz},
  title = {An Architecture for Building Self-Configurable Systems},
  booktitle = mobihoc00,
  year = {2000},
  address = {Boston, USA},
  month = aug
}

@ARTICLE{takagi84,
  author = {H. Takagi and L. Kleinrock},
  title = {Optimal Transmission Ranges for Randomly Distributed Packet Radio Terminals},
  journal = toc,
  year = {1984},
  volume = {COM-32},
  number = {3},
  pages = {246--257},
  month = mar
}

@ARTICLE{yu04,
  author = {C. Yu and K.G. Shin and B. Lee},
  title = {Power-Stepped Protocol: Enhancing Spatial Utilization in a Clustered Mobile Ad Hoc Network},
  journal = jsac,
  year = {2004},
  volume = {22},
  number = {7},
  pages = {1322--1334},
  month = sep,
}

